@online{ngthai2021betta,
	author       = {{National Geographic Thailand}}, % หรือ {{NGThai}} ก็ได้
	title        = {ปลากัดไทย … มัจฉานักสู้ผู้ล้ำค่าสง่างาม},
	date         = {2021-01-08},
	organization = {NGThai},         % ชื่อแพลตฟอร์ม/เว็บไซต์ (ตัวเลือก)
	url          = {https://ngthai.com/wildlife/33006/thai-betta-fish/},
	urldate      = {2025-09-03}      % วันที่เข้าถึง (ปรับตามวันที่อ้างจริง)
}

@online{nstda2020betta,
	author       = {Kwuantida Donglong},
	title        = {ประกาศศักดา “ปลากัดไทย” ในตลาดสัตว์น้ำสวยงามระดับโลก},
	date         = {2020-06-10},         % 10/06/2020 -> YYYY-MM-DD
	organization = {NSTDA Agritec},
	url          = {https://www.nstda.or.th/agritec/siamese-fighting-fish/},
	urldate      = {2025-09-03}
}


%@report{fisheries-guide,
	%author      = {อรุณี รอดลอย},
	%title       = {คู่มือการประกวดปลาสวยงามในประเทศไทย},
	%institution = {กรมประมง, กองวิจัยและพัฒนาการเพาะเลี้ยงสัตว์น้ำจืด},
	%location    = {กรุงเทพฯ},
	%date        = {2018},            % ← แก้เป็นปีจริง ถ้าทราบ
	%type        = {คู่มือ},
	%note        = {ไฟล์ PDF ออฟไลน์ (ไม่มีลิงก์เผยแพร่)}
%}

@article{lecun1998gradient,
	author  = {Yann LeCun and Léon Bottou and Yoshua Bengio and Patrick Haffner},
	title   = {Gradient-Based Learning Applied to Document Recognition},
	journal = {Proceedings of the IEEE},
	year    = {1998},
	volume  = {86},
	number  = {11},
	pages   = {2278--2324},
	month   = nov,
	doi     = {10.1109/5.726791}
}

@online{superannotate2023imageclassification,
	author       = {{SuperAnnotate}},
	title        = {What is image classification? Basics you need to know},
	date         = {2023-05-30},
	organization = {SuperAnnotate Blog},
	url          = {https://www.superannotate.com/blog/image-classification-basics},
	urldate      = {2025-09-03},
	langid       = {english}
}

@online{kinsta2024responsive,
	author       = {Matteo Du\`o},
	title        = {The Beginner’s Guide to Responsive Web Design (Code Samples \& Layout Examples)},
	date         = {2024-08-01},
	organization = {Kinsta Blog},
	url          = {https://kinsta.com/blog/responsive-web-design/},
	urldate      = {2025-09-03},
	langid       = {english}
}

@ARTICLE{8016501,
	author={Rawat, Waseem and Wang, Zenghui},
	journal={Neural Computation}, 
	title={Deep Convolutional Neural Networks for Image Classification: A Comprehensive Review}, 
	year={2017},
	volume={29},
	number={9},
	pages={2352-2449},
	abstract={Convolutional neural networks (CNNs) have been applied to visual tasks since the late 1980s. However, despite a few scattered applications, they were dormant until the mid-2000s when developments in computing power and the advent of large amounts of labeled data, supplemented by improved algorithms, contributed to their advancement and brought them to the forefront of a neural network renaissance that has seen rapid progression since 2012. In this review, which focuses on the application of CNNs to image classification tasks, we cover their development, from their predecessors up to recent state-of-the-art deep learning systems. Along the way, we analyze (1) their early successes, (2) their role in the deep learning renaissance, (3) selected symbolic works that have contributed to their recent popularity, and (4) several improvement attempts by reviewing contributions and challenges of over 300 publications. We also introduce some of their current trends and remaining challenges.},
	keywords={},
	doi={10.1162/neco_a_00990},
	ISSN={0899-7667},
	month={Sep.},}
	
@mastersthesis{muksikarat2016rwd,
	author     = {เกียรติศักดิ์ มุขสิกรัตน์},
	title      = {การประยุกต์แนวคิดของการออกแบบเว็บไซต์ที่รองรับการใช้งานบนทุกขนาดของหน้าจออุปกรณ์สำหรับระบบติดตามผลการเรียนของนักเรียน},
	titleaddon = {Adaptation of Concepts in Responsive Web Design Techniques for Student Performance System},
	type       = {วิทยานิพนธ์มหาบัณฑิต},
	school     = {มหาวิทยาลัยบูรพา},
	note       = {คณะวิทยาการสารสนเทศ; สาขาวิชาเทคโนโลยีสารสนเทศ},
	date       = {2016-10},
	pagetotal  = {66},
	advisor    = {สุรางคนา ธรรมลิขิต},
	url        = {https://digital_collect.lib.buu.ac.th/dcms/files/57920635.pdf},
	urldate    = {2025-09-03},
	langid     = {thai},
}

@mastersthesis{jintawatsakoon2019openset,
	author     = {Jintawatsakoon, S.},
	title      = {OPEN-SET BOTTLE CLASSIFICATION USING CONVOLUTION NEURAL NETWORK: การจำแนกภาพขวดแบบเซ็ตเปิดด้วยโครงข่ายประสาทเทียมแบบคอนโวลูชัน},
	type       = {Master's thesis},
	school     = {Srinakharinwirot University},
	date       = {2019},
	url        = {http://ir-ithesis.swu.ac.th/dspace/bitstream/123456789/488/1/gs601130181.pdf},
	urldate    = {2025-09-03},
	langid     = {english},
}

@INPROCEEDINGS{10425667,
	author={Lingham N, Siva Rama and Aruna, R. and Dhandayuthabani, Gowreeswaran and Sindhia, M. Maria Jeraldin and KrishnaSaiVignesh, M.},
	booktitle={2023 2nd International Conference on Futuristic Technologies (INCOFT)}, 
	title={Responsive Portfolio Website Using React}, 
	year={2023},
	volume={},
	number={},
	pages={1-5},
	keywords={Visualization;Web page design;Web pages;User experience;Portfolios;Standards;Testing;React JS;Html;CSS;Webpage's;Responsive;Portfolio;Pages;Technologies;Developer},
	doi={10.1109/INCOFT60753.2023.10425667},}


